<?xml version="1.0" encoding="UTF-8"?><collection xmlns="http://www.loc.gov/MARC21/slim"><record><leader>00509nam--2200181-i-4500</leader><controlfield tag="001">000019390</controlfield><controlfield tag="002">20161230</controlfield><controlfield tag="005">20161230201033</controlfield><controlfield tag="008">060222s1000------------r-----000-0-eng-d</controlfield><datafield ind1=" " ind2=" " tag="040"><subfield code="a">IFIN-HH</subfield></datafield><datafield ind1=" " ind2=" " tag="080"><subfield code="a">53.02:533.7</subfield></datafield><datafield ind1="1" ind2=" " tag="100"><subfield code="a">Ferziger, J. H</subfield></datafield><datafield ind1="1" ind2="0" tag="245"><subfield code="a">Mathematical theory of transport processes in gases</subfield><subfield code="c">J.h. ferziger, h.g. kaper</subfield></datafield><datafield ind1=" " ind2=" " tag="260"><subfield code="a">Amsterdam, North-holland Publ.Comp., 1972</subfield></datafield><datafield ind1=" " ind2=" " tag="300"><subfield code="a">XIII + 579 P</subfield></datafield><datafield ind1="1" ind2=" " tag="700"><subfield code="a">Kaper, H. G</subfield></datafield><datafield ind1=" " ind2=" " tag="852"><subfield code="a">37122</subfield><subfield code="c">533.7</subfield></datafield><datafield ind1=" " ind2=" " tag="CAT"><subfield code="a">Sys</subfield><subfield code="c">20100915</subfield><subfield code="h">133752</subfield></datafield></record></collection>